%% This BibTeX bibliography file was created using BibDesk.
%% http://bibdesk.sourceforge.net/


%% Created for Matthias Geissbühler at 2011-03-21 13:46:46 +0100 


%% Saved with string encoding Unicode (UTF-8) 


@book{friedman1970foundations,
	title={Foundations of Modern Analysis},
	author={Friedman, A.},
	isbn={9780486640624},
	lccn={81017312},
	series={Dover Books on Mathematics Series},
	url={https://books.google.com/books?id=yT56SqF0xpoC},
	year={1970},
	publisher={Dover}
}

@techreport{atc13,
	Address = {California},
	Author = {{Applied Technology Council}},
	Date-Modified = {2011-03-21 13:46:44 +0100},
	Institution = {Seismic Safety Commission, Applied Technology Council (\textsc{atc})},
	Keywords = {ATC},
	Owner = {oropeza},
	Timestamp = {2008.01.11},
	Title = {{E}arthquake damage evaluation data for {C}alifornia},
	Year = {1985}
}

@article{robbin2011introduction,
	title={Introduction to differential geometry},
	author={Robbin, Joel W and Salamon, Dietmar A},
	Year = {2018}
}

@article{gudmundsson2008introduction,
	title={An introduction to Riemannian geometry},
	author={Gudmundsson, Sigmundur}
}

@book{rudin1976principles,
	title={Principles of Mathematical Analysis},
	author={Rudin, W.},
	isbn={9780070856134},
	lccn={75179033},
	series={International series in pure and applied mathematics},
	url={https://books.google.ch/books?id=kwqzPAAACAAJ},
	year={1976},
	publisher={McGraw-Hill}
}

@book{teschl2012ordinary,
	title={Ordinary differential equations and dynamical systems},
	author={Teschl, Gerald},
	volume={140},
	year={2012},
	publisher={American Mathematical Society Providence}
}

@book{Wald:106274,
	author        = "Wald, Robert M",
	title         = "{General relativity}",
	publisher     = "Chicago Univ. Press",
	address       = "Chicago, IL",
	year          = "1984",
	url           = "https://cds.cern.ch/record/106274",
}

@book{marsden2013introduction,
	title={Introduction to mechanics and symmetry: a basic exposition of classical mechanical systems},
	author={Marsden, Jerrold E and Ratiu, Tudor S},
	volume={17},
	year={2013},
	publisher={Springer Science \& Business Media}
}

@book{rudin1964principles,
	title={Principles of mathematical analysis},
	author={Rudin, Walter and others},
	volume={3},
	year={1964},
	publisher={McGraw-hill New York}
}

@book{abraham1978foundations,
	title={Foundations of mechanics},
	author={Abraham, Ralph and Marsden, Jerrold E},
	volume={36}
}

@book{hairer2006geometric,
	title	= {Geometric numerical integration: structure-preserving algorithms for ordinary differential equations},
	author	= {Hairer, Ernst and Lubich, Christian and Wanner, Gerhard},
	volume	= {31},
	year	= {2006},
	publisher	= {Springer}
}

@book{blanes2016concise,
	title={A concise introduction to geometric numerical integration},
	author={Blanes, Sergio and Casas, Fernando},
	volume={23},
	year={2016},
	publisher={CRC Press}
}

@book{farantos2014nonlinear,
	title={Nonlinear Hamiltonian Mechanics Applied to Molecular Dynamics: Theory and Computational Methods for Understanding Molecular Spectroscopy and Chemical Reactions},
	author={Farantos, Stavros C},
	year={2014},
	publisher={Springer}
}

@book{schutz2004statistical,
	title={Statistical orbit determination},
	author={Schutz, Bob and Tapley, Byron and Born, George H},
	year={2004},
	publisher={Academic Press}
}

@book{edsberg2015introduction,
  title={Introduction to computation and modeling for differential equations},
  author={Edsberg, Lennart},
  year={2015},
  publisher={John Wiley \& Sons}
}

@book{hesthaven2015certified,
  title={Certified Reduced Basis Methods for Parametrized Partial Differential Equations},
  author={Hesthaven, J.S. and Rozza, G. and Stamm, B.},
  isbn={9783319224695},
  series={SpringerBriefs in Mathematics},
  url={https://books.google.ch/books?id=3H7\_sgEACAAJ},
  year={2015},
  publisher={Springer International Publishing}
}

@book{quarteroni2015reduced,
  title={Reduced Basis Methods for Partial Differential Equations: An Introduction},
  author={Quarteroni, A. and Manzoni, A. and Negri, F.},
  isbn={9783319154312},
  lccn={2015930287},
  series={UNITEXT},
  url={https://books.google.ch/books?id=e6FnCgAAQBAJ},
  year={2015},
  publisher={Springer International Publishing}
}

@book{pinkus1985n,
  title={N-widths in approximation theory},
  author={Pinkus, A.},
  isbn={9783540136385},
  lccn={84013902},
  series={Ergebnisse der Mathematik und ihrer Grenzgebiete},
  url={https://books.google.ch/books?id=9qtKAQAAIAAJ},
  year={1985},
  publisher={Springer}
}

@book{lorentz1996constructive,
  title={Constructive approximation: advanced problems},
  author={Lorentz, G.G. and von Golitschek, M. and Makovoz, Y.},
  isbn={9783540570288},
  lccn={96000298},
  series={Grundlehren der mathematischen Wissenschaften},
  url={https://books.google.ch/books?id=\_Q\_vAAAAMAAJ},
  year={1996},
  publisher={Springer}
}

@article{doi:10.1137/140967787,
author = {E. Musharbash and F. Nobile and T. Zhou},
title = {Error Analysis of the Dynamically Orthogonal Approximation of Time Dependent Random PDEs},
journal = {SIAM Journal on Scientific Computing},
volume = {37},
number = {2},
pages = {A776-A810},
year = {2015},
doi = {10.1137/140967787},

URL = { 
        https://doi.org/10.1137/140967787
    
},
eprint = { 
        https://doi.org/10.1137/140967787
    
}
}

@article{doi:10.1137/16M1095202,
author = {Florian Feppon and Pierre F. J. Lermusiaux},
title = {A Geometric Approach to Dynamical Model Order Reduction},
journal = {SIAM Journal on Matrix Analysis and Applications},
volume = {39},
number = {1},
pages = {510-538},
year = {2018},
doi = {10.1137/16M1095202},

URL = { 
        https://doi.org/10.1137/16M1095202
    
},
eprint = { 
        https://doi.org/10.1137/16M1095202
    
}

}

@article{doi:10.1137/140978922,
author = {Liqian Peng and Kamran Mohseni},
title = {Symplectic Model Reduction of Hamiltonian Systems},
journal = {SIAM Journal on Scientific Computing},
volume = {38},
number = {1},
pages = {A1-A27},
year = {2016},
doi = {10.1137/140978922},

URL = { 
        https://doi.org/10.1137/140978922
    
},
eprint = { 
        https://doi.org/10.1137/140978922
    
}

}

@article{doi:10.1137/17M1111991,
author = {Babak Maboudi Afkham and Jan S. Hesthaven},
title = {Structure Preserving Model Reduction of Parametric Hamiltonian Systems},
journal = {SIAM Journal on Scientific Computing},
volume = {39},
number = {6},
pages = {A2616-A2644},
year = {2017},
doi = {10.1137/17M1111991},

URL = { 
        https://doi.org/10.1137/17M1111991
    
},
eprint = { 
        https://doi.org/10.1137/17M1111991
    
}

}

@book{Markovsky:2011:LRA:2103589,
 author = {Markovsky, Ivan},
 title = {Low Rank Approximation: Algorithms, Implementation, Applications},
 year = {2011},
 isbn = {1447122267, 9781447122265},
 publisher = {Springer Publishing Company, Incorporated},
} 

@book{doi:10.1137/1.9780898718713,
author = {Antoulas, A.},
title = {Approximation of Large-Scale Dynamical Systems},
publisher = {Society for Industrial and Applied Mathematics},
year = {2005},
doi = {10.1137/1.9780898718713},
address = {},
edition   = {},
URL = {https://epubs.siam.org/doi/abs/10.1137/1.9780898718713},
eprint = {https://epubs.siam.org/doi/pdf/10.1137/1.9780898718713}
}

@book{trefethen97,
  added-at = {2010-09-19T02:35:23.000+0200},
  author = {Trefethen, Lloyd N. and Bau, David},
  biburl = {https://www.bibsonomy.org/bibtex/2e45a2ed5ccc6dc12721cde613217c222/ytyoun},
  interhash = {1e7e7a44cbff3092be50a71fe056c8ec},
  intrahash = {e45a2ed5ccc6dc12721cde613217c222},
  isbn = {0898713617},
  keywords = {characteristic eigenvalues linear.algebra matrix numerical numerical.analysis polynomial secular.equation textbook},
  publisher = {SIAM},
  timestamp = {2017-11-25T07:18:16.000+0100},
  title = {Numerical Linear Algebra},
  year = 1997
}

@article{doi:10.1137/090766498,
author = {Saifon Chaturantabut and Danny C. Sorensen},
title = {Nonlinear Model Reduction via Discrete Empirical Interpolation},
journal = {SIAM Journal on Scientific Computing},
volume = {32},
number = {5},
pages = {2737-2764},
year = {2010},
doi = {10.1137/090766498},

URL = { 
        https://doi.org/10.1137/090766498
    
},
eprint = { 
        https://doi.org/10.1137/090766498
    
}

}

@article{barrault2004empirical,
  title={An ‘empirical interpolation’method: application to efficient reduced-basis discretization of partial differential equations},
  author={Barrault, Maxime and Maday, Yvon and Nguyen, Ngoc Cuong and Patera, Anthony T},
  journal={Comptes Rendus Mathematique},
  volume={339},
  number={9},
  pages={667--672},
  year={2004},
  publisher={Elsevier}
}

@article{doi:10.1137/100795772,
author = {Peter Binev and Albert Cohen and Wolfgang Dahmen and Ronald DeVore and Guergana Petrova and Przemyslaw Wojtaszczyk},
title = {Convergence Rates for Greedy Algorithms in Reduced Basis Methods},
journal = {SIAM Journal on Mathematical Analysis},
volume = {43},
number = {3},
pages = {1457-1472},
year = {2011},
doi = {10.1137/100795772},

URL = { 
        https://doi.org/10.1137/100795772
    
},
eprint = { 
        https://doi.org/10.1137/100795772
    
}

}

@article{buffa2012priori,
  title={A priori convergence of the greedy algorithm for the parametrized reduced basis method},
  author={Buffa, Annalisa and Maday, Yvon and Patera, Anthony T and Prud’homme, Christophe and Turinici, Gabriel},
  journal={ESAIM: Mathematical Modelling and Numerical Analysis},
  volume={46},
  number={3},
  pages={595--603},
  year={2012},
  publisher={EDP Sciences}
}

@article{haasdonk2008reduced,
  title={Reduced basis method for finite volume approximations of parametrized linear evolution equations},
  author={Haasdonk, Bernard and Ohlberger, Mario},
  journal={ESAIM: Mathematical Modelling and Numerical Analysis},
  volume={42},
  number={2},
  pages={277--302},
  year={2008},
  publisher={EDP Sciences}
}

@article{haasdonk2013convergence,
  title={Convergence rates of the pod--greedy method},
  author={Haasdonk, Bernard},
  journal={ESAIM: Mathematical Modelling and Numerical Analysis},
  volume={47},
  number={3},
  pages={859--873},
  year={2013},
  publisher={EDP Sciences}
}
